<record><leader>00000cas a22000007a 4500</leader><controlfield tag="001">16072286</controlfield><controlfield tag="008">870625d188018uupauwr ne      0    0eng d</controlfield><datafield ind1=" " ind2=" " tag="010"><subfield code="a">sn 87080388 </subfield></datafield><datafield ind1=" " ind2=" " tag="040"><subfield code="a">NPH</subfield><subfield code="b">eng</subfield><subfield code="c">NPH</subfield><subfield code="d">OCLCQ</subfield></datafield><datafield ind1=" " ind2=" " tag="042"><subfield code="a">msc</subfield></datafield><datafield ind1="0" ind2=" " tag="130"><subfield code="a">Independent democrat (Hazleton, Pa.)</subfield></datafield><datafield ind1="1" ind2="0" tag="245"><subfield code="a">Independent democrat.</subfield></datafield><datafield ind1=" " ind2=" " tag="260"><subfield code="a">Hazleton, Pa. :</subfield><subfield code="b">John Dershuck</subfield></datafield><datafield ind1=" " ind2=" " tag="300"><subfield code="a">v. ;</subfield><subfield code="c">59 cm.</subfield></datafield><datafield ind1=" " ind2=" " tag="310"><subfield code="a">Weekly</subfield></datafield><datafield ind1="0" ind2=" " tag="362"><subfield code="a">Vol. 1, no. 1 (Apr. 23, 1880)-</subfield></datafield><datafield ind1=" " ind2=" " tag="500"><subfield code="a">Published every Friday.</subfield></datafield><datafield ind1=" " ind2=" " tag="580"><subfield code="a">Also issued in a daily ed. called: Plain speaker (Hazleton, Pa.), Feb. 6, 1882-&lt;1886&gt;.</subfield></datafield><datafield ind1=" " ind2=" " tag="752"><subfield code="a">United States</subfield><subfield code="b">Pennsylvania</subfield><subfield code="c">Luzerne</subfield><subfield code="d">Hazleton.</subfield></datafield><datafield ind1="1" ind2=" " tag="775"><subfield code="t">Plain speaker (Hazleton, Pa.)</subfield><subfield code="w">(DLC)sn 86082015</subfield></datafield></record>